@article{DBLP:journals/combinatorics/KangKP12,
  author    = {Jeehoon Kang and
               Suh{-}Ryung Kim and
               Boram Park},
  title     = {A Dice Rolling Game on a Set of Tori},
  journal   = {Electr. J. Comb.},
  volume    = {19},
  number    = {1},
  pages     = {P54},
  year      = {2012},
  url       = {http://www.combinatorics.org/ojs/index.php/eljc/article/view/v19i1p54},
  timestamp = {Wed, 12 Jun 2013 17:27:24 +0200},
  biburl    = {http://dblp.uni-trier.de/rec/bib/journals/combinatorics/KangKP12},
  bibsource = {dblp computer science bibliography, http://dblp.org}
}
